<?xml version="1.0" encoding="utf-8"?>
<record xmlns="http://www.loc.gov/MARC21/slim" xmlns:xsi="http://www.w3.org/2001/XMLSchema-instance" xsi:schemaLocation="http://www.loc.gov/MARC21/slim http://www.loc.gov/standards/marcxml/schema/MARC21slim.xsd">
	<leader>     nam a22        4500</leader>
	<controlfield tag="001">3071405</controlfield>
	<controlfield tag="003">NNC</controlfield>
	<controlfield tag="006">m        d        </controlfield>
	<controlfield tag="007">cr cn |||m|||a</controlfield>
	<controlfield tag="008">150603s1954    ua      oi    001 0 arard</controlfield>
	<datafield ind1=" " ind2=" " tag="040">
		<subfield code="a">NNU</subfield>
		<subfield code="b">eng</subfield>
		<subfield code="e">rda</subfield>
		<subfield code="c">NNU</subfield>
	</datafield>
	<datafield ind1="0" ind2=" " tag="041">
		<subfield code="a">ara</subfield>
		<subfield code="a">fre</subfield>
	</datafield>
	<datafield ind1=" " ind2="4" tag="050">
		<subfield code="a">DT97.J3</subfield>
		<subfield code="b">W531 1954</subfield>
	</datafield>
	<datafield ind1="1" ind2=" " tag="100">
		<subfield code="a">Wiet, Gaston,</subfield>
		<subfield code="d">1887-1971.</subfield>
	</datafield>
	<datafield ind1="1" ind2="0" tag="245">
		<subfield code="a">Fihris ʻAjāʼib al-āthār fī al-tarājim wa-al-akhbār :</subfield>
		<subfield code="b">ʻan al-naskhah al-maṭbūʻah fī 4 ajzāʼ fī Maṭbaʻat Būlāq sanat 1297 H. /</subfield>
		<subfield code="c">ʻAbd al-Raḥmān al-Jabartī ; qāma bi-ʻamalihi Jāstūn Vīyit ; rājaʻahu wa-nassaqahu wa-ashrafa ʻalá ṭabʻihi ʻAbd al-Raḥmān Zakī.</subfield>
	</datafield>
	<datafield ind1="1" ind2="5" tag="246">
		<subfield code="a">Index de Djabarti Merveilles biographiques et historiques</subfield>
	</datafield>
	<datafield ind1=" " ind2=" " tag="260">
		<subfield code="6">880-01</subfield>
		<subfield code="a">Miṣr :</subfield>
		<subfield code="b">Dār al-Maʻārif,</subfield>
		<subfield code="c">1954.</subfield>
	</datafield>
	<datafield ind1=" " ind2=" " tag="300">
		<subfield code="a">online resource (299 pages)</subfield>
	</datafield>
	<datafield ind1=" " ind2=" " tag="336">
		<subfield code="a">text</subfield>
		<subfield code="2">rdacontent</subfield>
	</datafield>
	<datafield ind1=" " ind2=" " tag="337">
		<subfield code="a">computer</subfield>
		<subfield code="2">rdamedia</subfield>
	</datafield>
	<datafield ind1=" " ind2=" " tag="338">
		<subfield code="a">online resource</subfield>
		<subfield code="2">rdacarrier</subfield>
	</datafield>
	<datafield ind1="0" ind2=" " tag="490">
		<subfield code="a">Jāmʻiyah Miṣrīyah. ʼal-Dirāsāt ʼal-Tārīkhīyah</subfield>
	</datafield>
	<datafield ind1=" " ind2=" " tag="500">
		<subfield code="a">Title on added t.p.: Index de Djabarti Merveilles biographiques et historiques.</subfield>
	</datafield>
	<datafield ind1=" " ind2=" " tag="500">
		<subfield code="a">Introduction in French.</subfield>
	</datafield>
	<datafield ind1=" " ind2=" " tag="500">
		<subfield code="a">At head of title: Jamʻīyah al-Miṣrīyah lil-Dirāsāt al Tarīkhīyah.</subfield>
	</datafield>
	<datafield ind1=" " ind2=" " tag="500">
		<subfield code="a">Part of the Arabic Collections Online (ACO) project, contributed by Columbia University Libraries.</subfield>
	</datafield>
	<datafield ind1=" " ind2=" " tag="533">
		<subfield code="a">Electronic reproduction.</subfield>
		<subfield code="b">New York, N.Y. :</subfield>
		<subfield code="c">New York University,</subfield>
		<subfield code="d">2015.</subfield>
		<subfield code="5">NNU</subfield>
	</datafield>
	<datafield ind1=" " ind2=" " tag="546">
		<subfield code="a">Introduction in French.</subfield>
	</datafield>
	<datafield ind1="1" ind2="0" tag="600">
		<subfield code="6">880-02</subfield>
		<subfield code="a">Jabartī, ʻAbd al-Raḥmān,</subfield>
		<subfield code="d">1754-1822.</subfield>
		<subfield code="t">ʻAjāʼib al-āthār fī al-tarājim wa-al-akhbār</subfield>
		<subfield code="v">Indexes.</subfield>
	</datafield>
	<datafield ind1="0" ind2="7" tag="630">
		<subfield code="a">ʻAjāʼib al-āthār fī al-tarājim wa-al-akhbār (Jabartī, ʻAbd al-Raḥmān)</subfield>
		<subfield code="2">fast</subfield>
		<subfield code="0">(OCoLC)fst01365115</subfield>
	</datafield>
	<datafield ind1=" " ind2="7" tag="655">
		<subfield code="a">Indexes.</subfield>
		<subfield code="2">fast</subfield>
		<subfield code="0">(OCoLC)fst01423761</subfield>
	</datafield>
	<datafield ind1="2" ind2=" " tag="710">
		<subfield code="a">Jamʻīyah al-Miṣrīyah lil-Dirāsāt al-Tārīkhīyah.</subfield>
	</datafield>
	<datafield ind1="2" ind2=" " tag="710">
		<subfield code="a">Columbia University.</subfield>
		<subfield code="b">Libraries.</subfield>
	</datafield>
	<datafield ind1="0" ind2=" " tag="730">
		<subfield code="a">Arabic Collections Online.</subfield>
	</datafield>
	<datafield ind1="0" ind2="8" tag="776">
		<subfield code="i">Online version:</subfield>
		<subfield code="a">Wiet, Gaston, 1887-1971.</subfield>
		<subfield code="t">Fihris ʻAjāʼib al-āthār fī al-tarājim wa-al-akhbār.</subfield>
		<subfield code="d">Miṣr : Dār al-Maʻārif, 1954</subfield>
		<subfield code="w">(OCoLC)653340545</subfield>
	</datafield>
	<datafield ind1="0" ind2="8" tag="776">
		<subfield code="i">Print version:</subfield>
		<subfield code="a">Wiet, Gaston, 1887-1971.</subfield>
		<subfield code="t">Fihris ʻAjāʼib al-āthār fī al-tarājim wa-al-akhbār</subfield>
		<subfield code="w">(NNC)3071405</subfield>
		<subfield code="w">(OCoLC)38164539</subfield>
	</datafield>
	<datafield ind1="4" ind2="0" tag="856">
		<subfield code="u">http://hdl.handle.net/2333.1/kh1895h1</subfield>
	</datafield>
	<datafield ind1="1" ind2="0" tag="880">
		<subfield code="6">245-00/r</subfield>
		<subfield code="a">فهرس عجائب الآثار في التراجم والأخبار :</subfield>
		<subfield code="b">عن النسخة المطبوعة في ٤ أجزاء في مطبعة بولاق سنة ١٢٩٧ ه /</subfield>
		<subfield code="c">عبد الرحمن الجبرتي ؛ قام بعمله جاستون ڨييت ؛ راجعه ونسقه وأشرف على طبعه عبد الرحمن زكي.</subfield>
	</datafield>
	<datafield ind1=" " ind2=" " tag="880">
		<subfield code="6">260-01/r</subfield>
		<subfield code="a">مصر :</subfield>
		<subfield code="b">دار المعارف،</subfield>
		<subfield code="c">1954.</subfield>
	</datafield>
	<datafield ind1="1" ind2=" " tag="880">
		<subfield code="6">246-00/r</subfield>
		<subfield code="a">‏فهرس عجائب الآثار في التراجم والأخبار :‏</subfield>
		<subfield code="b">‏عن النسخة المطبوعة في ٤ أجزاء في مطبعة بولاق سنة ١٢٩٧ ه /‏</subfield>
		<subfield code="c">‏عبد الرحمن الجبرتي ؛ قام بعمله جاستون ڨييت ؛ راجعه ونسقه وأشرف على طبعه عبد الرحمن زكي.</subfield>
	</datafield>
	<datafield ind1="1" ind2="0" tag="880">
		<subfield code="6">600-02/r</subfield>
		<subfield code="a">‏جبرتي، عبد الرحمن.‏</subfield>
		<subfield code="t">‏عجائب الآثار في التاريخ والأخبار.</subfield>
	</datafield>
	<datafield ind1=" " ind2=" " tag="959">
		<subfield code="a">NNU</subfield>
		<subfield code="b">WEB</subfield>
		<subfield code="c">GENI</subfield>
		<subfield code="t">0</subfield>
		<subfield code="m">Electronic access</subfield>
		<subfield code="s">01</subfield>
	</datafield>
	<datafield ind1=" " ind2=" " tag="999">
		<subfield code="i">NNC_3071405</subfield>
		<subfield code="o">(OCoLC)ocm38164539 </subfield>
		<subfield code="s">columbia_aco000670</subfield>
		<subfield code="e">(ERROR-880)(ERROR-SERIES)</subfield>
	</datafield>
</record>
